@BOOK{Klocke2018,
	AUTHOR = {Klocke, Fritz},
	YEAR = {2018},
	TITLE = {Fertigungsverfahren 5 - Gießen und Pulvermetallurgie},
	EDITION = {},
	ISBN = {978-3-662-54728-1},
	PUBLISHER = {Springer-Verlag},
	ADDRESS = {Berlin Heidelberg New York},
}


@online{Statista2021,
	title = {Gussproduktion der wichtigsten \uppercase{L}änder im Jahr 2019},
	date = {2021},
	language = {german},
	organization = {Statista GmbH},
	url = {https://de.statista.com/statistik/daten/studie/237370/umfrage/giessereiindustrie-nach-produktion-weltweit/},
	urldate = {28.01.2021},
}

@online{GiessereiLex2021,
	author = {Hasse, Stephan},
	title = {Giesserei-Lexikon},
	date = {2021},
	language = {german},
	url = {https://www.giessereilexikon.com/},
	urldate = {01.02.2021},
}


@BOOK{ISO945,
	YEAR = {2018},
	TITLE = {DIN EN ISO 945-1, Mikrostruktur von Gusseisen. Teil 1, Graphitklassifizierung durch visuelle Auswertung (EN ISO 945-1:2018)},
	organization = {Deutsches Institut für Normung e.V.},
	PUBLISHER = {Beuth Verlag GmbH},
	ADDRESS = {Frankfurt am Main},
}

@online{BDGuss01,
	title = {Einsatzgebiete und \uppercase{M}ärkte für \uppercase{G}usseisen},
	date = {2021},
	url = {https://www.bdguss.de/einsatzgebiete-maerkte/},
	language = {german},
	organization = {Bundesverband der Deutschen Giesserei-Industrie e.V.},
	urldate = {02.02.2020},
}

@Book{AMGuss2007,
	YEAR = {2007},
	TITLE = {Analyse der Mikrostruktur von Gusseisen mit Hilfe von Fuzzy-Techniken (AMGuss)},
	organization = {Deutsches Institut für Normung e.V.},
	PUBLISHER = {Gesellschaft zur Förderung angewandter Informatik e.V.},
	ADDRESS = {Berlin},
}


